<record><leader>00000cas a22000007a 4500</leader><controlfield tag="001">12010190</controlfield><controlfield tag="008">850508d18701881ohuwr ne      0   a0eng d</controlfield><datafield ind1=" " ind2=" " tag="010"><subfield code="a">sn 85026034 </subfield></datafield><datafield ind1=" " ind2=" " tag="040"><subfield code="a">NPX</subfield><subfield code="b">eng</subfield><subfield code="c">NPX</subfield><subfield code="d">NPU</subfield><subfield code="d">ONP</subfield><subfield code="d">OCL</subfield><subfield code="d">ONP</subfield><subfield code="d">AQM</subfield><subfield code="d">OCLCQ</subfield><subfield code="d">DLC</subfield><subfield code="d">OCLCO</subfield><subfield code="d">DLC</subfield><subfield code="d">OCLCF</subfield></datafield><datafield ind1=" " ind2=" " tag="019"><subfield code="a">16632285</subfield><subfield code="a">192098155</subfield></datafield><datafield ind1="0" ind2=" " tag="022"><subfield code="a">2327-3127</subfield><subfield code="2">1</subfield></datafield><datafield ind1=" " ind2=" " tag="042"><subfield code="a">msc</subfield><subfield code="a">nsdp</subfield></datafield><datafield ind1=" " ind2=" " tag="043"><subfield code="a">n-us-oh</subfield></datafield><datafield ind1="0" ind2="0" tag="050"><subfield code="a">Newspaper</subfield></datafield><datafield ind1="0" ind2="0" tag="082"><subfield code="a">071</subfield><subfield code="2">23</subfield></datafield><datafield ind1="0" ind2=" " tag="130"><subfield code="a">Findlay Jeffersonian (Findlay, Ohio : 1870)</subfield></datafield><datafield ind1=" " ind2="4" tag="222"><subfield code="a">The Findlay Jeffersonian</subfield><subfield code="b">(Findlay, Ohio : 1870. Print)</subfield></datafield><datafield ind1="1" ind2="4" tag="245"><subfield code="a">The Findlay Jeffersonian.</subfield></datafield><datafield ind1=" " ind2=" " tag="260"><subfield code="a">Findlay, Hancock County, Ohio :</subfield><subfield code="b">E.G. De Wolfe &amp; Co.,</subfield><subfield code="c">1870-1881.</subfield></datafield><datafield ind1=" " ind2=" " tag="300"><subfield code="a">v. ;</subfield><subfield code="c">80 cm.</subfield></datafield><datafield ind1=" " ind2=" " tag="310"><subfield code="a">Weekly</subfield></datafield><datafield ind1="0" ind2=" " tag="362"><subfield code="a">Vol. 16, no. 46 (Apr. 1, 1870)-v. 26, no. 52 (Apr. 28, 1881).</subfield></datafield><datafield ind1=" " ind2=" " tag="500"><subfield code="a">Publisher: A.H. Balsley, &lt;1878&gt;.</subfield></datafield><datafield ind1=" " ind2=" " tag="530"><subfield code="a">Archived issues are available in digital format as part of the Library of Congress Chronicling America online collection.</subfield></datafield><datafield ind1=" " ind2="0" tag="651"><subfield code="a">Findlay (Ohio)</subfield><subfield code="v">Newspapers.</subfield></datafield><datafield ind1=" " ind2="7" tag="655"><subfield code="a">Newspapers.</subfield><subfield code="2">rbgenr</subfield></datafield><datafield ind1=" " ind2="7" tag="655"><subfield code="a">Newspapers.</subfield><subfield code="2">fast</subfield><subfield code="0">(OCoLC)fst01423814</subfield></datafield><datafield ind1=" " ind2="7" tag="651"><subfield code="a">Ohio</subfield><subfield code="z">Findlay.</subfield><subfield code="2">fast</subfield><subfield code="0">(OCoLC)fst01231787</subfield></datafield><datafield ind1=" " ind2=" " tag="752"><subfield code="a">United States</subfield><subfield code="b">Ohio</subfield><subfield code="c">Hancock</subfield><subfield code="d">Findlay.</subfield></datafield><datafield ind1="0" ind2=" " tag="775"><subfield code="t">Findlay daily Jeffersonian</subfield><subfield code="w">(DLC)sn 87076650</subfield><subfield code="w">(OCoLC)9780655</subfield></datafield><datafield ind1="1" ind2=" " tag="776"><subfield code="t">Findlay Jeffersonian (Findlay, Ohio : 1870 : Online)</subfield><subfield code="x">2327-3135</subfield><subfield code="w">(DLC)  2013218633</subfield><subfield code="w">(OCoLC)829937821</subfield></datafield><datafield ind1="0" ind2="0" tag="780"><subfield code="t">Hancock Jeffersonian</subfield><subfield code="x">2327-4875</subfield><subfield code="w">(DLC)sn 85042591</subfield><subfield code="w">(OCoLC)12660844</subfield></datafield><datafield ind1="0" ind2="0" tag="785"><subfield code="t">Findlay weekly Jeffersonian</subfield><subfield code="w">(DLC)sn 87076644</subfield><subfield code="w">(OCoLC)16632289</subfield></datafield><datafield ind1="4" ind2="1" tag="856"><subfield code="u">http://www.loc.gov/chroniclingamerica/lccn/sn85026034/issues</subfield></datafield></record>